@article{ablikim2018measurement,
  title={Measurement of the absolute branching fraction of the inclusive semileptonic $\Lambda$ c+ decay},
  author={Ablikim, Medina and Achasov, MN and Ahmed, S and Albrecht, M and Alekseev, M and Amoroso, A and An, FF and An, Q and Bai, JZ and Bai, Y and others},
  journal={Physical review letters},
  volume={121},
  number={25},
  pages={251801},
  year={2018},
  publisher={APS}
}
@article{knapp1976observation,
  title={Observation of a Narrow Antibaryon State at 2.26 G e V/c 2},
  author={Knapp, B and Lee, W and Smith, SD and Wijangco, A and Knauer, J and Yount, D and Bronstein, J and Coleman, R and Gladding, G and Goodman, M and others},
  journal={Physical Review Letters},
  volume={37},
  number={14},
  pages={882},
  year={1976},
  publisher={APS}
}
@article{abrams1980observation,
  title={Observation of Charmed-Baryon Production in e+ e- Annihilation},
  author={Abrams, GS and Alam, MS and Blocker, CA and Boyarski, AM and Breidenbach, Martin and Burke, DL and Carithers, WC and Chinowsky, William and Coles, MW and Cooper, S and others},
  journal={Physical Review Letters},
  volume={44},
  number={1},
  pages={10},
  year={1980},
  publisher={APS}
}
@article{ablikim2015measurement,
  title={Measurement of the Absolute Branching Fraction for $\Lambda$ c+â†’ $\Lambda$ e+ $\nu$ e},
  author={Ablikim, M and Achasov, MN and Ai, XC and Albayrak, O and Albrecht, M and Ambrose, DJ and Amoroso, Antonio and An, FF and An, Q and Bai, JZ and others},
  journal={Physical review letters},
  volume={115},
  number={22},
  pages={221805},
  year={2015},
  publisher={APS}
}